<record><leader>00000cas a22000007a 4500</leader><controlfield tag="001">29681417</controlfield><controlfield tag="008">940125d193819uunyuuu ne      0    0eng d</controlfield><datafield ind1=" " ind2=" " tag="010"><subfield code="a">sn 94057666 </subfield></datafield><datafield ind1=" " ind2=" " tag="040"><subfield code="a">NYS</subfield><subfield code="b">eng</subfield><subfield code="c">NYS</subfield><subfield code="d">OCLCQ</subfield><subfield code="d">OCLCF</subfield><subfield code="d">OCLCO</subfield></datafield><datafield ind1="1" ind2=" " tag="029"><subfield code="a">AU@</subfield><subfield code="b">000025905529</subfield></datafield><datafield ind1=" " ind2=" " tag="042"><subfield code="a">msc</subfield></datafield><datafield ind1=" " ind2=" " tag="043"><subfield code="a">n-us-ny</subfield></datafield><datafield ind1="0" ind2="4" tag="245"><subfield code="a">The Oswego community news.</subfield></datafield><datafield ind1=" " ind2=" " tag="260"><subfield code="a">Oswego, N.Y. :</subfield><subfield code="b">Frank O. Saunders</subfield></datafield><datafield ind1=" " ind2=" " tag="300"><subfield code="a">v.</subfield></datafield><datafield ind1="1" ind2=" " tag="362"><subfield code="a">Began in 1938?</subfield></datafield><datafield ind1=" " ind2=" " tag="500"><subfield code="a">"Free."</subfield></datafield><datafield ind1=" " ind2=" " tag="588"><subfield code="a">Description based on: Vol. 1, no. 8 (Oct. 28, 1938).</subfield></datafield><datafield ind1=" " ind2="0" tag="651"><subfield code="a">Oswego (N.Y.)</subfield><subfield code="v">Newspapers.</subfield></datafield><datafield ind1=" " ind2="0" tag="651"><subfield code="a">Oswego County (N.Y.)</subfield><subfield code="v">Newspapers.</subfield></datafield><datafield ind1=" " ind2="7" tag="655"><subfield code="a">Newspapers.</subfield><subfield code="2">fast</subfield><subfield code="0">(OCoLC)fst01423814</subfield></datafield><datafield ind1=" " ind2="7" tag="651"><subfield code="a">New York (State)</subfield><subfield code="z">Oswego.</subfield><subfield code="2">fast</subfield><subfield code="0">(OCoLC)fst01212851</subfield></datafield><datafield ind1=" " ind2="7" tag="651"><subfield code="a">New York (State)</subfield><subfield code="z">Oswego County.</subfield><subfield code="2">fast</subfield><subfield code="0">(OCoLC)fst01208853</subfield></datafield><datafield ind1=" " ind2=" " tag="752"><subfield code="a">United States</subfield><subfield code="b">New York</subfield><subfield code="c">Oswego</subfield><subfield code="d">Oswego.</subfield></datafield></record>